%% This BibTeX bibliography file was created using BibDesk.
%% http://bibdesk.sourceforge.net/


%% Created for Eric C. Anderson at 2014-12-03 12:26:22 -0800 


%% Saved with string encoding Unicode (UTF-8) 



@article{Ber&Cla1996,
	Author = {Bernard, D R and Clark, J E},
	Date-Added = {2014-12-03 20:26:16 +0000},
	Date-Modified = {2014-12-03 20:26:16 +0000},
	Journal = {Canadian Journal of Fisheries and Aquatic Science},
	Pages = {2323-2332},
	Title = {Estimating salmon harvest with coded-wire tags},
	Volume = {53},
	Year = {1996}}
